@article{social-media-as-public-opinion,
  title={Social media as public opinion: How journalists use social media to represent public opinion},
  author={McGregor, Shannon C},
  journal={Journalism},
  volume={20},
  number={8},
  pages={1070--1086},
  year={2019},
  publisher={SAGE Publications Sage UK: London, England}
}

@article{reaching-a-consensus,
  title={Reaching a consensus},
  author={DeGroot, Morris H},
  journal={Journal of the American Statistical association},
  volume={69},
  number={345},
  pages={118--121},
  year={1974},
  publisher={Taylor \& Francis}
}

@article{galam1982sociophysics,
  title={Sociophysics: A new approach of sociological collective behaviour. I. mean-behaviour description of a strike},
  author={Galam, Serge and Gefen, Yuval and Shapir, Yonathan},
  journal={Journal of Mathematical Sociology},
  volume={9},
  number={1},
  pages={1--13},
  year={1982},
  publisher={Taylor \& Francis}
}

@article{galam1991towards,
  title={Towards a theory of collective phenomena: Consensus and attitude changes in groups},
  author={Galam, Serge and Moscovici, Serge},
  journal={European Journal of Social Psychology},
  volume={21},
  number={1},
  pages={49--74},
  year={1991},
  publisher={Wiley Online Library}
}

@article{galam2002minority,
  title={Minority opinion spreading in random geometry},
  author={Galam, Serge},
  journal={The European Physical Journal B-Condensed Matter and Complex Systems},
  volume={25},
  pages={403--406},
  year={2002},
  publisher={Springer}
}
@book{galam2012sociophysics,
  title={Sociophysics: A Physicist's Modeling of Psycho-political Phenomena},
  author={Galam, S.},
  isbn={9781461420323},
  series={Understanding Complex Systems},
  year={2012},
  publisher={Springer New York}
}

@article{galam2007role,
  title={The role of inflexible minorities in the breaking of democratic opinion dynamics},
  author={Galam, Serge and Jacobs, Frans},
  journal={Physica A: Statistical Mechanics and its Applications},
  volume={381},
  pages={366--376},
  year={2007},
  publisher={Elsevier}
}
@article{galam2016stubbornness,
  title={Stubbornness as an unfortunate key to win a public debate: an illustration from sociophysics},
  author={Galam, Serge},
  journal={Mind \& Society},
  volume={15},
  pages={117--130},
  year={2016},
  publisher={Springer}
}

@article{galam2011collective,
  title={Collective beliefs versus individual inflexibility: The unavoidable biases of a public debate},
  author={Galam, Serge},
  journal={Physica A: Statistical Mechanics and its Applications},
  volume={390},
  number={17},
  pages={3036--3054},
  year={2011},
  publisher={Elsevier}
}

@article{the-voter-model,
  title={Ergodic theorems for weakly interacting infinite systems and the voter model},
  author={Holley, Richard A and Liggett, Thomas M},
  journal={The annals of probability},
  pages={643--663},
  year={1975},
  publisher={JSTOR}
}
@article{reality-inspired-voter-models-a-mini-review,
  title={Reality-inspired voter models: A mini-review},
  author={Redner, Sidney},
  journal={Comptes Rendus Physique},
  volume={20},
  number={4},
  pages={275--292},
  year={2019},
  publisher={Elsevier}
}


@article{opinion-evolution-in-closed-community,
  title={Opinion evolution in closed community},
  author={Sznajd-Weron, Katarzyna and Sznajd, Jozef},
  journal={International Journal of Modern Physics C},
  volume={11},
  number={06},
  pages={1157--1165},
  year={2000},
  publisher={World Scientific}
}

@article{sznajd-review,
  title={A review on the Sznajd model—20 years after},
  author={Sznajd-Weron, Katarzyna and Sznajd, J{\'o}zef and Weron, Tomasz},
  journal={Physica A: Statistical Mechanics and its Applications},
  volume={565},
  pages={125537},
  year={2021},
  publisher={Elsevier}
}

@article{the-dissemination-of-culture,
  title={The dissemination of culture: A model with local convergence and global polarization},
  author={Axelrod, Robert},
  journal={Journal of conflict resolution},
  volume={41},
  number={2},
  pages={203--226},
  year={1997},
  publisher={Sage Periodicals Press 2455 Teller Road, Thousand Oaks, CA 91320}

}

@article{mixing-beliefs-among-interacting-agents,
  title={Mixing beliefs among interacting agents},
  author={Deffuant, Guillaume and Neau, David and Amblard, Frederic and Weisbuch, G{\'e}rard},
  journal={Advances in Complex Systems},
  volume={3},
  number={01n04},
  pages={87--98},
  year={2000},
  publisher={World Scientific}
}

@article{opinioin-dynamics-and-bounded-confidence,
  title={Opinion dynamics and bounded confidence: models, analysis and simulation},
  author={Rainer, Hegselmann and Krause, Ulrich},
  year={2002}
}
@article{biased-assimilation-and-attitude-polarization,
  title={Biased assimilation and attitude polarization: The effects of prior theories on subsequently considered evidence.},
  author={Lord, Charles G and Ross, Lee and Lepper, Mark R},
  journal={Journal of personality and social psychology},
  volume={37},
  number={11},
  pages={2098},
  year={1979},
  publisher={American Psychological Association}
}

@article{have-americans-social-attitudes-become-more-polarized,
  title={Have American's social attitudes become more polarized?},
  author={DiMaggio, Paul and Evans, John and Bryson, Bethany},
  journal={American journal of Sociology},
  volume={102},
  number={3},
  pages={690--755},
  year={1996},
  publisher={University of Chicago Press}
}

@article{paritisans-without-constrait-political-polarization-and-trends,
  title={Partisans without constraint: Political polarization and trends in American public opinion},
  author={Baldassarri, Delia and Gelman, Andrew},
  journal={American Journal of Sociology},
  volume={114},
  number={2},
  pages={408--446},
  year={2008},
  publisher={The University of Chicago Press}
}

@article{echo-chambers-online,
  title={Echo chambers online?: Politically motivated selective exposure among Internet news users},
  author={Garrett, R Kelly},
  journal={Journal of computer-mediated communication},
  volume={14},
  number={2},
  pages={265--285},
  year={2009},
  publisher={Oxford University Press Oxford, UK}
}

@article{echo-chambers-emotional-contagion-and-group-polarization-on-facebook,
  title={Echo chambers: Emotional contagion and group polarization on facebook},
  author={Del Vicario, Michela and Vivaldo, Gianna and Bessi, Alessandro and Zollo, Fabiana and Scala, Antonio and Caldarelli, Guido and Quattrociocchi, Walter},
  journal={Scientific reports},
  volume={6},
  number={1},
  pages={37825},
  year={2016},
  publisher={Nature Publishing Group UK London}
}

@article{quantifying-echo-chamber-effects-in-information-spreading-over-political-communication,
  title={Quantifying echo chamber effects in information spreading over political communication networks},
  author={Cota, Wesley and Ferreira, Silvio C and Pastor-Satorras, Romualdo and Starnini, Michele},
  journal={EPJ Data Science},
  volume={8},
  number={1},
  pages={35},
  year={2019},
  publisher={Springer Berlin Heidelberg}
}
@inproceedings{political-discourse-on-social-media-echo-chambers,
  title={Political discourse on social media: Echo chambers, gatekeepers, and the price of bipartisanship},
  author={Garimella, Kiran and De Francisci Morales, Gianmarco and Gionis, Aristides and Mathioudakis, Michael},
  booktitle={Proceedings of the 2018 world wide web conference},
  pages={913--922},
  year={2018}
}
@article{The-echo-chamber–effect-on-social-media,
  title={The echo chamber effect on social media},
  author={Cinelli, Matteo and De Francisci Morales, Gianmarco and Galeazzi, Alessandro and Quattrociocchi, Walter and Starnini, Michele},
  journal={Proceedings of the National Academy of Sciences},
  volume={118},
  number={9},
  pages={e2023301118},
  year={2021},
  publisher={National Acad Sciences}
}

@article{modeling-echo-chambers-and-polarizaiton-dynamics-in-social-networks,
  title={Modeling echo chambers and polarization dynamics in social networks},
  author={Baumann, Fabian and Lorenz-Spreen, Philipp and Sokolov, Igor M and Starnini, Michele},
  journal={Physical Review Letters},
  volume={124},
  number={4},
  pages={048301},
  year={2020},
  publisher={APS}
}

@article{polarized-idoelogy,
  title={Emergence of polarized ideological opinions in multidimensional topic spaces},
  author={Baumann, Fabian and Lorenz-Spreen, Philipp and Sokolov, Igor M and Starnini, Michele},
  journal={Physical Review X},
  volume={11},
  number={1},
  pages={011012},
  year={2021},
  publisher={APS}
}

@article{link-recommendation-algorithms-and-dynamics-of-polarization-in-social-networks,
  title={Link recommendation algorithms and dynamics of polarization in online social networks},
  author={Santos, Fernando P and Lelkes, Yphtach and Levin, Simon A},
  journal={Proceedings of the National Academy of Sciences},
  volume={118},
  number={50},
  pages={e2102141118},
  year={2021},
  publisher={National Acad Sciences}
}

@article{social-influence-and-unfollowing-accelerate-the-emergence-of-echo-chambers,
  title={Social influence and unfollowing accelerate the emergence of echo chambers},
  author={Sasahara, Kazutoshi and Chen, Wen and Peng, Hao and Ciampaglia, Giovanni Luca and Flammini, Alessandro and Menczer, Filippo},
  journal={Journal of Computational Social Science},
  volume={4},
  number={1},
  pages={381--402},
  year={2021},
  publisher={Springer}
}


@article{birds-of-a-feather-homophily-in-social-networks,
  title={Birds of a feather: Homophily in social networks},
  author={McPherson, Miller and Smith-Lovin, Lynn and Cook, James M},
  journal={Annual review of sociology},
  volume={27},
  number={1},
  pages={415--444},
  year={2001},
  publisher={Annual Reviews 4139 El Camino Way, PO Box 10139, Palo Alto, CA 94303-0139, USA}
}

@article{homophily-and-polarization-in-the-age-of-misinformation,
  title={Homophily and polarization in the age of misinformation},
  author={Bessi, Alessandro and Petroni, Fabio and Vicario, Michela Del and Zollo, Fabiana and Anagnostopoulos, Aris and Scala, Antonio and Caldarelli, Guido and Quattrociocchi, Walter},
  journal={The European Physical Journal Special Topics},
  volume={225},
  pages={2047--2059},
  year={2016},
  publisher={Springer}
}

@article{segregatioin-and-clustering,
  title={Segregation and clustering of preferences erode socially beneficial coordination},
  author={Vasconcelos, V{\'\i}tor V and Constantino, Sara M and Dannenberg, Astrid and Lumkowsky, Marcel and Weber, Elke and Levin, Simon},
  journal={Proceedings of the National Academy of Sciences},
  volume={118},
  number={50},
  pages={e2102153118},
  year={2021},
  publisher={National Acad Sciences}
}
@article{echo-chambers-and-viral-misinformation,
  title={Echo chambers and viral misinformation: Modeling fake news as complex contagion},
  author={T{\"o}rnberg, Petter},
  journal={PLoS one},
  volume={13},
  number={9},
  pages={e0203958},
  year={2018},
  publisher={Public Library of Science San Francisco, CA USA}
}

@article{the-spreading-of-misinformation-online,
  title={The spreading of misinformation online},
  author={Del Vicario, Michela and Bessi, Alessandro and Zollo, Fabiana and Petroni, Fabio and Scala, Antonio and Caldarelli, Guido and Stanley, H Eugene and Quattrociocchi, Walter},
  journal={Proceedings of the national academy of Sciences},
  volume={113},
  number={3},
  pages={554--559},
  year={2016},
  publisher={National Acad Sciences}
}

@article{the-group-polarization-phemomenon,
  title={The group polarization phenomenon.},
  author={Myers, David G and Lamm, Helmut},
  journal={Psychological bulletin},
  volume={83},
  number={4},
  pages={602},
  year={1976},
  publisher={American Psychological Association}
}
@article{group-polarization-a-critical-review-and-meta-analysis,
  title={Group polarization: A critical review and meta-analysis.},
  author={Isenberg, Daniel J},
  journal={Journal of personality and social psychology},
  volume={50},
  number={6},
  pages={1141},
  year={1986},
  publisher={American Psychological Association}
}



@article{activity-driven-modeling-of-time-varying-networks,
  title={Activity driven modeling of time varying networks},
  author={Perra, Nicola and Gon{\c{c}}alves, Bruno and Pastor-Satorras, Romualdo and Vespignani, Alessandro},
  journal={Scientific reports},
  volume={2},
  number={1},
  pages={469},
  year={2012},
  publisher={Nature Publishing Group UK London}
}

@article{topological-properties-of-time-integrated-activity-driven-netowork,
  title={Topological properties of a time-integrated activity-driven network},
  author={Starnini, Michele and Pastor-Satorras, Romualdo},
  journal={Physical Review E},
  volume={87},
  number={6},
  pages={062807},
  year={2013},
  publisher={APS}
}

@article{burstiness-and-aging-in-social-temporal-networks,
  title={Burstiness and aging in social temporal networks},
  author={Moinet, Antoine and Starnini, Michele and Pastor-Satorras, Romualdo},
  journal={Physical review letters},
  volume={114},
  number={10},
  pages={108701},
  year={2015},
  publisher={APS}
}

@article{controlling-contagion-processes-in-activity-driven-networks,
  title={Controlling contagion processes in activity driven networks},
  author={Liu, Suyu and Perra, Nicola and Karsai, M{\'a}rton and Vespignani, Alessandro},
  journal={Physical review letters},
  volume={112},
  number={11},
  pages={118702},
  year={2014},
  publisher={APS}
}

@article{depolarization-of-echo-chambers-by-random-dynamical-nudge,
  title={Depolarization of echo chambers by random dynamical nudge},
  author={Currin, Christopher Brian and Vera, Sebasti{\'a}n Vallejo and Khaledi-Nasab, Ali},
  journal={Scientific Reports},
  volume={12},
  number={1},
  pages={9234},
  year={2022},
  publisher={Nature Publishing Group UK London}
}



@techreport{networkx,
  title={Exploring network structure, dynamics, and function using NetworkX},
  author={Hagberg, Aric and Swart, Pieter and S Chult, Daniel},
  year={2008},
  institution={Los Alamos National Lab.(LANL), Los Alamos, NM (United States)}
}

@article{the-echo-chamber-is-overstated,
  title={The echo chamber is overstated: the moderating effect of political interest and diverse media},
  author={Dubois, Elizabeth and Blank, Grant},
  journal={Information, communication \& society},
  volume={21},
  number={5},
  pages={729--745},
  year={2018},
  publisher={Taylor \& Francis}
}


@article{modeling-explosive-opinion-depolarization-in-interdependent-topics,
  title={Modeling Explosive Opinion Depolarization in Interdependent Topics},
  author={Ojer, Jaume and Starnini, Michele and Pastor-Satorras, Romualdo},
  journal={arXiv preprint arXiv:2212.07879},
  year={2022}
}
@article{recommender-systems-and-their-ethical-challenges,
  title={Recommender systems and their ethical challenges},
  author={Milano, Silvia and Taddeo, Mariarosaria and Floridi, Luciano},
  journal={Ai \& Society},
  volume={35},
  pages={957--967},
  year={2020},
  publisher={Springer}
  
}

@article{echo-chambers-in-collaborative-filtering-based-recommendation-systems,
  title={Echo chambers in collaborative filtering based recommendation systems},
  author={Noordeh, Emil and Levin, Roman and Jiang, Ruochen and Shadmany, Harris},
  journal={arXiv preprint arXiv:2011.03890},
  year={2020}
}
@article{recommender-systems-and-the-amplification-of-extremist-content,
  title={Recommender systems and the amplification of extremist content},
  author={Whittaker, Joe and Looney, Se{\'a}n and Reed, Alastair and Votta, Fabio},
  journal={Internet Policy Review},
  volume={10},
  number={2},
  pages={1--29},
  year={2021},
  publisher={Berlin: Alexander von Humboldt Institute for Internet and Society}
}
@article{user-tampering,
  title={User tampering in reinforcement learning recommender systems},
  author={Evans, Charles and Kasirzadeh, Atoosa},
  journal={arXiv preprint arXiv:2109.04083},
  year={2021}
}

@article{youtube-audit,
  title={YouTube, The Great Radicalizer? Auditing and Mitigating Ideological Biases in YouTube Recommendations},
  author={Haroon, Muhammad and Chhabra, Anshuman and Liu, Xin and Mohapatra, Prasant and Shafiq, Zubair and Wojcieszak, Magdalena},
  journal={arXiv preprint arXiv:2203.10666},
  year={2022}
}

@article{hohmann2023quantifying,
  title={Quantifying ideological polarization on a network using generalized Euclidean distance},
  author={Hohmann, Marilena and Devriendt, Karel and Coscia, Michele},
  journal={Science Advances},
  volume={9},
  number={9},
  pages={eabq2044},
  year={2023},
  publisher={American Association for the Advancement of Science}
}

