// universality in competition
@article{pal2024universal,
  title={Universal Statistics of Competition in Democratic Elections},
  author={Pal, Ritam and Kumar, Aanjaneya and Santhanam, MS},
  journal={arXiv preprint arXiv:2401.05065},
  year={2024}
}

@article{pal2025universal,
  title = {Universal Statistics of Competition in Democratic Elections},
  author = {Pal, Ritam and Kumar, Aanjaneya and Santhanam, M. S.},
  journal = {Phys. Rev. Lett.},
  volume = {134},
  issue = {1},
  pages = {017401},
  numpages = {6},
  year = {2025},
  month = {Jan},
  publisher = {American Physical Society},
  doi = {10.1103/PhysRevLett.134.017401},
  url = {https://link.aps.org/doi/10.1103/PhysRevLett.134.017401}
}


// effective number of candidates
@article{laakso1979effective,
  title={“Effective” number of parties: a measure with application to West Europe},
  author={Laakso, Markku and Taagepera, Rein},
  journal={Comparative political studies},
  volume={12},
  number={1},
  pages={3--27},
  year={1979},
  publisher={Sage Publications Sage CA: Los Angeles, CA}
}

// order statistics
@book{BarBalNag2008,
author = {Arnold, Barry C. and Balakrishnan, N. and Nagaraja, H. N.},
title = {A First Course in Order Statistics},
publisher = {Society for Industrial and Applied Mathematics},
year = {2008},
doi = {10.1137/1.9780898719062},
address = {},
edition   = {},
}

// elections and complex systems and statistical physics

@article{galam1999application,
  title={Application of statistical physics to politics},
  author={Galam, Serge},
  journal={Physica A: Statistical mechanics and its applications},
  volume={274},
  number={1-2},
  pages={132--139},
  year={1999},
  publisher={Elsevier}
}

@article{gelman2002mathematics,
  title={The mathematics and statistics of voting power},
  author={Gelman, Andrew and Katz, Jonathan N and Tuerlinckx, Francis},
  journal={Statistical Science},
  pages={420--435},
  year={2002},
  publisher={JSTOR}
}

@book{brams2008,
  title={Mathematics and Democracy : Designing better voting and fair-division procedures},
  author={Steven J. Brams},
  year={2008},
  publisher={Princeton University Press, Princeton}
}

@article{CasForLor2009,
  title = {Statistical physics of social dynamics},
  author = {Castellano, Claudio and Fortunato, Santo and Loreto, Vittorio},
  journal = {Rev. Mod. Phys.},
  volume = {81},
  issue = {2},
  pages = {591--646},
  numpages = {0},
  year = {2009},
  month = {May},
  publisher = {American Physical Society},
  doi = {10.1103/RevModPhys.81.591},
  url = {https://link.aps.org/doi/10.1103/RevModPhys.81.591}
}

@book{galam2012,
  title={Sociophysics: A Physicist's Modeling of Psycho-political Phenomena},
  author={Galam, Serge},
  year={2012},
  publisher={Springer New York, NY},
  doi={https://doi.org/10.1007/978-1-4614-2032-3}
}

@article{ForMacRed2013,
  title={Santo Fortunato{\textperiodcentered} Michael Macy{\textperiodcentered} Sidney Redner},
  author={Fortunato, S},
  journal={J Stat Phys},
  volume={151},
  pages={1--8},
  year={2013}
}

@book{SenCha2014,
  title={Sociophysics: an introduction},
  author={Sen, Parongama and Chakrabarti, Bikas K},
  year={2014},
  publisher={OUP, Oxford}
}

@article{FerSucRam2014,
  title = {Is the Voter Model a Model for Voters?},
  author = {Fern\'andez-Gracia, Juan and Suchecki, Krzysztof and Ramasco, Jos\'e J. and San Miguel, Maxi and Egu\'{\i}luz, V\'{\i}ctor M.},
  journal = {Phys. Rev. Lett.},
  volume = {112},
  issue = {15},
  pages = {158701},
  numpages = {5},
  year = {2014},
  month = {Apr},
  publisher = {American Physical Society},
  doi = {10.1103/PhysRevLett.112.158701},
  url = {https://link.aps.org/doi/10.1103/PhysRevLett.112.158701}
}

@article{BraDeA2017,
    doi = {10.1371/journal.pone.0177970},
    author = {Braha, Dan AND de Aguiar, Marcus A. M.},
    journal = {PLOS ONE},
    publisher = {Public Library of Science},
    title = {Voting contagion: Modeling and analysis of a century of U.S. presidential elections},
    year = {2017},
    month = {05},
    volume = {12},
    url = {https://doi.org/10.1371/journal.pone.0177970},
    pages = {1-30},
    number = {5},
}

@article{Kon2019,
doi = {10.1088/1742-5468/ab409b},
url = {https://dx.doi.org/10.1088/1742-5468/ab409b},
year = {2019},
month = {oct},
publisher = {IOP Publishing and SISSA},
volume = {2019},
number = {10},
pages = {103402},
author = {Aleksejus Kononovicius},
title = {Compartmental voter model},
journal = {Journal of Statistical Mechanics: Theory and Experiment},
}


@article{redner2019reality,
  title={Reality-inspired voter models: A mini-review},
  author={Redner, Sidney},
  journal={Comptes Rendus Physique},
  volume={20},
  number={4},
  pages={275--292},
  year={2019}
}

@article{MigTor2020,
  title={Introduction to the chaos focus issue on the dynamics of social systems},
  author={San Miguel, Maxi and Toral, Raul},
  journal={Chaos: An Interdisciplinary Journal of Nonlinear Science},
  volume={30},
  number={12},
  year={2020},
  note={See all the papers that are part of this special issue},
  publisher={AIP Publishing}
}


// attempt to uncover scaling laws and universality

// not universal



// limited universality

@article{CosAlmAnd1999,
  title = {Scaling behavior in a proportional voting process},
  author = {Filho, R. N. Costa and Almeida, M. P. and Andrade, J. S. and Moreira, J. E.},
  journal = {Phys. Rev. E},
  volume = {60},
  issue = {1},
  pages = {1067--1068},
  numpages = {0},
  year = {1999},
  month = {Jul},
  publisher = {American Physical Society},
  doi = {10.1103/PhysRevE.60.1067},
  url = {https://link.aps.org/doi/10.1103/PhysRevE.60.1067}
}

@article{ForCas2007,
  title = {Scaling and Universality in Proportional Elections},
  author = {Fortunato, Santo and Castellano, Claudio},
  journal = {Phys. Rev. Lett.},
  volume = {99},
  issue = {13},
  pages = {138701},
  numpages = {4},
  year = {2007},
  month = {Sep},
  publisher = {American Physical Society},
  doi = {10.1103/PhysRevLett.99.138701},
  url = {https://link.aps.org/doi/10.1103/PhysRevLett.99.138701}
}

@article{mantovani2011scaling,
  title={Scaling laws and universality in the choice of election candidates},
  author={Mantovani, MC and Ribeiro, HV and Moro, MV and Picoli, S and Mendes, RS},
  journal={Europhysics Letters},
  volume={96},
  number={4},
  pages={48001},
  year={2011},
  publisher={IOP Publishing}
}

@article{ChaMitFor2013,
  title={Universality in voting behavior: an empirical analysis},
  author={Chatterjee, Arnab and Mitrovi{\'c}, Marija and Fortunato, Santo},
  journal={Scientific reports},
  volume={3},
  number={1},
  pages={1049},
  year={2013},
  publisher={Nature Publishing Group UK London}
}

@article{BokSzaVat2018,
    doi = {10.1371/journal.pone.0192913},
    author = {Bokányi, Eszter AND Szállási, Zoltán AND Vattay, Gábor},
    journal = {PLOS ONE},
    publisher = {Public Library of Science},
    title = {Universal scaling laws in metro area election results},
    year = {2018},
    month = {02},
    volume = {13},
    url = {https://doi.org/10.1371/journal.pone.0192913},
    pages = {1-11},
    number = {2},
}


@article{hosel2019universality,
  title={Universality of neutral models: Decision process in politics},
  author={H{\"o}sel, Volker and M{\"u}ller, Johannes and Tellier, Aurelien},
  journal={Palgrave Communications},
  volume={5},
  number={1},
  pages={1--8},
  year={2019},
  publisher={Palgrave}
}









// vote distribution
@article{CalCroAnt2015,
    doi = {10.1371/journal.pone.0137732},
    author = {Calvão, Angelo Mondaini AND Crokidakis, Nuno AND Anteneodo, Celia},
    journal = {PLOS ONE},
    publisher = {Public Library of Science},
    title = {Stylized Facts in Brazilian Vote Distributions},
    year = {2015},
    month = {09},
    volume = {10},
    url = {https://doi.org/10.1371/journal.pone.0137732},
    pages = {1-20},
    number = {9},
}

@article{BurRanGir2016,
  title = {Competing opinions and stubborness: Connecting models to data},
  author = {Burghardt, Keith and Rand, William and Girvan, Michelle},
  journal = {Phys. Rev. E},
  volume = {93},
  issue = {3},
  pages = {032305},
  numpages = {14},
  year = {2016},
  month = {Mar},
  publisher = {American Physical Society},
  doi = {10.1103/PhysRevE.93.032305},
  url = {https://link.aps.org/doi/10.1103/PhysRevE.93.032305}
}

@article{MorHisNak2019,
  title = {Voter model on networks and the multivariate beta distribution},
  author = {Mori, Shintaro and Hisakado, Masato and Nakayama, Kazuaki},
  journal = {Phys. Rev. E},
  volume = {99},
  issue = {5},
  pages = {052307},
  numpages = {10},
  year = {2019},
  month = {May},
  publisher = {American Physical Society},
  doi = {10.1103/PhysRevE.99.052307},
  url = {https://link.aps.org/doi/10.1103/PhysRevE.99.052307}
}


@article{Kon2017,
  title={Modeling of the parties' vote share distributions},
  author={Kononovicius, Aleksejus},
  journal={Acta Physica Polonica A},
  volume={133},
  number={6},
  pages={1450},
  year={2018}
}

// turnouts
@article{BorBou2010,
	author = {Borghesi, C. and Bouchaud, J.-P.},
	title = {Spatial correlations in vote statistics: a diffusive field model for decision-making},
	journal = {Eur. Phys. J. B},
	volume = {75},
	number = {3},
	pages = {395--404},
	year = {2010},
	month = jun,
	issn = {1434-6036},
	publisher = {Springer-Verlag},
	doi = {10.1140/epjb/e2010-00151-1}
}

@article{BorRayBou2012,
    doi = {10.1371/journal.pone.0036289},
    author = {Borghesi, Christian AND Raynal, Jean-Claude AND Bouchaud, Jean-Philippe},
    journal = {PLOS ONE},
    publisher = {Public Library of Science},
    title = {Election Turnout Statistics in Many Countries: Similarities, Differences, and a Diffusive Field Model for Decision-Making},
    year = {2012},
    month = {05},
    volume = {7},
    url = {https://doi.org/10.1371/journal.pone.0036289},
    pages = {1-12},
    number = {5}
}


// margins
@article{jacobson1987marginals,
  title={The marginals never vanished: Incumbency and competition in elections to the US House of Representatives, 1952-82},
  author={Jacobson, Gary C},
  journal={American Journal of Political Science},
  pages={126--141},
  year={1987},
  publisher={JSTOR}
}

@article{mccann1997threatening,
  title={Threatening times," strong" presidential popular vote winners, and the victory margin, 1824--1964.},
  author={McCann, Stewart JH},
  journal={Journal of personality and social psychology},
  volume={73},
  number={1},
  pages={160},
  year={1997},
  publisher={American Psychological Association}
}

@article{mulligan2003empirical,
  title={The empirical frequency of a pivotal vote},
  author={Mulligan, Casey B and Hunter, Charles G},
  journal={Public Choice},
  volume={116},
  number={1},
  pages={31--54},
  year={2003},
  publisher={Springer}
}
@inproceedings{magrino2011computing,
  title={Computing the Margin of Victory in $\{$IRV$\}$ Elections},
  author={Magrino, Thomas R and Rivest, Ronald L and Shen, Emily},
  booktitle={2011 Electronic Voting Technology Workshop/Workshop on Trustworthy Elections (EVT/WOTE 11)},
  year={2011}
}

@inproceedings{xia2012computing,
  title={Computing the margin of victory for various voting rules},
  author={Xia, Lirong},
  booktitle={Proceedings of the 13th ACM conference on electronic commerce},
  pages={982--999},
  year={2012}
}


@article{bhattacharyya2021predicting,
  title={Predicting winner and estimating margin of victory in elections using sampling},
  author={Bhattacharyya, Arnab and Dey, Palash},
  journal={Artificial Intelligence},
  volume={296},
  pages={103476},
  year={2021},
  publisher={Elsevier}
}




// electoral malpractice

@article{klimek2012statistical,
  title={Statistical detection of systematic election irregularities},
  author={Klimek, Peter and Yegorov, Yuri and Hanel, Rudolf and Thurner, Stefan},
  journal={Proceedings of the National Academy of Sciences},
  volume={109},
  number={41},
  pages={16469--16473},
  year={2012},
  publisher={National Acad Sciences}
}
@article{jimenez2017testing,
  title={Testing for voter rigging in small polling stations},
  author={Jimenez, Ra{\'u}l and Hidalgo, Manuel and Klimek, Peter},
  journal={Science advances},
  volume={3},
  number={6},
  pages={e1602363},
  year={2017},
  publisher={American Association for the Advancement of Science}
}

@article{rozenas2017detecting,
  title={Detecting election fraud from irregularities in vote-share distributions},
  author={Rozenas, Arturas},
  journal={Political Analysis},
  volume={25},
  number={1},
  pages={41--56},
  year={2017},
  publisher={Cambridge University Press}
}










// electoral malpractice Belarus, Ethiopia

@article{brigaldino2011elections,
  title={Elections in the imperial periphery: Ethiopia hijacked},
  author={Brigaldino, Glenn},
  journal={Review of African political economy},
  volume={38},
  number={128},
  pages={327--334},
  year={2011},
  publisher={Taylor \& Francis}
}

@article{frear2014parliamentary,
  title={The parliamentary elections in Belarus, September 2012},
  author={Frear, Matthew},
  journal={Electoral Studies},
  volume={33},
  number={1},
  pages={350--353},
  year={2014},
  publisher={Pergamon}
}
@misc{belarus_report,
  author = {},
  title = {Report of Organization for Security and Co-operation in Europe (OSCE)},
  howpublished = {\url{https://www.osce.org/odihr/elections/belarus}},
  year ={2020}
}

@article{czwolek2021belarusian,
  title={Belarusian parliamentary election in 2019},
  author={Czwo{\l}ek, Arkadiusz and Ko{\l}odziejska, Julia},
  journal={The Copernicus Journal of Political Studies},
  number={1},
  pages={81--93},
  year={2021},
  publisher={Fundacja Copernicus na rzecz Rozwoju Bada{\'n} Naukowych}
}

@article{bedford_2021, 
title={The 2020 Presidential Election in Belarus: Erosion of Authoritarian Stability and Re-politicization of Society},
volume={49}, 
DOI={10.1017/nps.2021.33}, 
number={5}, 
journal={Nationalities Papers}, 
publisher={Cambridge University Press}, 
author={Bedford, Sofie}, 
year={2021}, 
pages={808–819}
}



// first past the post
@book{johnston2007politics,
  title={Politics: An introduction to the modern democratic state},
  author={Johnston, Larry},
  year={2007},
  publisher={University of Toronto Press}
}





// Supplemental Material
@misc{supp,
    note = {
        See Supplemental Material [URL] for (1) the description of RVM, (2) theoretical calculations for RVM and other related discussions, (3) data summary, and (4) figures.
    },
}
//, which includes Refs. [X]

// data source 
@misc{india_data,
  author = {},
  title = {Election data of India},
  howpublished = {\url{https://www.eci.gov.in}},
}

@misc{lokdhaba,
  author = {},
  title = {Lok Dhaba -  a repository of Indian election results},
  howpublished = {\url{https://lokdhaba.ashoka.edu.in/}}
}

